<record><leader>00000cas a22000007a 4500</leader><controlfield tag="001">22615826</controlfield><controlfield tag="008">901101d19231971couwr ne      0    0eng d</controlfield><datafield ind1=" " ind2=" " tag="010"><subfield code="a">sn 90051896 </subfield></datafield><datafield ind1=" " ind2=" " tag="040"><subfield code="a">CNQ</subfield><subfield code="b">eng</subfield><subfield code="c">CNQ</subfield><subfield code="d">OCLCQ</subfield></datafield><datafield ind1=" " ind2=" " tag="042"><subfield code="a">msc</subfield></datafield><datafield ind1=" " ind2=" " tag="043"><subfield code="a">n-us-co</subfield></datafield><datafield ind1="0" ind2=" " tag="130"><subfield code="a">Colorado (Denver, Colo. : 1923)</subfield></datafield><datafield ind1="1" ind2="0" tag="245"><subfield code="a">Colorado.</subfield></datafield><datafield ind1="1" ind2="3" tag="246"><subfield code="a">Awakening</subfield></datafield><datafield ind1=" " ind2=" " tag="260"><subfield code="a">Denver, Colo. :</subfield><subfield code="b">Frank Mancini</subfield></datafield><datafield ind1=" " ind2=" " tag="300"><subfield code="a">v.</subfield></datafield><datafield ind1=" " ind2=" " tag="310"><subfield code="a">Weekly</subfield></datafield><datafield ind1="1" ind2=" " tag="362"><subfield code="a">Began in 1923?</subfield></datafield><datafield ind1="0" ind2=" " tag="362"><subfield code="a">-v. 34, no. 40 (Oct. 5, 1957).</subfield></datafield><datafield ind1=" " ind2=" " tag="530"><subfield code="a">Available on microfilm from the Colorado Historical Society.</subfield></datafield><datafield ind1=" " ind2=" " tag="588"><subfield code="a">Description based on: Vol. 15, no. 18 (May 7, 1938).</subfield></datafield><datafield ind1=" " ind2="1" tag="650"><subfield code="a">Italians</subfield><subfield code="z">Colorado</subfield><subfield code="v">Newspapers.</subfield></datafield><datafield ind1=" " ind2=" " tag="752"><subfield code="a">United States</subfield><subfield code="b">Colorado</subfield><subfield code="c">Denver</subfield><subfield code="d">Denver.</subfield></datafield><datafield ind1="0" ind2="5" tag="780"><subfield code="t">Awakening (Denver, Colo.)</subfield><subfield code="w">(DLC)sn 91052364</subfield></datafield><datafield ind1="0" ind2="7" tag="785"><subfield code="t">Denver leader</subfield><subfield code="w">(DLC)sn 91052316</subfield></datafield><datafield ind1="0" ind2="7" tag="785"><subfield code="t">Colorado leader (Denver, Colo. : 1971)</subfield><subfield code="w">(DLC)sn 91052294</subfield></datafield><datafield ind1="1" ind2=" " tag="029"><subfield code="a">AU@</subfield><subfield code="b">000025854219</subfield></datafield></record>